@article{Reference1,
  title = {Theory of Superconductivity},
  author = {Bardeen, J. and Cooper, L. N. and Schrieffer, J. R.},
  journal = {Phys. Rev.},
  volume = {108},
  issue = {5},
  pages = {1175--1204},
  year = {1957},
  month = {Dec},
  doi = {10.1103/PhysRev.108.1175},
  url = {http://link.aps.org/doi/10.1103/PhysRev.108.1175},
  publisher = {American Physical Society}
}
@article{Reference2,
  title = {Theory for tunneling spectroscopy of anisotropic superconductors},
  author = {Kashiwaya, Satoshi and Tanaka, Yukio and Koyanagi, Masao and Kajimura, Koji},
  journal = {Phys. Rev. B},
  volume = {53},
  issue = {5},
  pages = {2667--2676},
  year = {1996},
  month = {Feb},
  doi = {10.1103/PhysRevB.53.2667},
  url = {http://link.aps.org/doi/10.1103/PhysRevB.53.2667},
  publisher = {American Physical Society}
}
@article{Reference3,
  title = {Andreev reflection at the normal-metal/heavy-fermion superconductor $\mathrm{Ce}\mathrm{Co}{\mathrm{In}}_{5}$ interface},
  author = {Park, W. K. and Greene, L. H. and Sarrao, J. L. and Thompson, J. D.},
  journal = {Phys. Rev. B},
  volume = {72},
  issue = {5},
  pages = {052509},
  numpages = {4},
  year = {2005},
  month = {Aug},
  doi = {10.1103/PhysRevB.72.052509},
  url = {http://link.aps.org/doi/10.1103/PhysRevB.72.052509},
  publisher = {American Physical Society}
}
@article{Reference4,
  title = {Andreev reflection and geometrical resonance effects for a gradual variation of the pair potential near the normal-metal        \textit{\char21{}}      superconductor interface},
  author = {van Son, P. C. and van Kempen, H. and Wyder, P.},
  journal = {Phys. Rev. B},
  volume = {37},
  issue = {10},
  pages = {5015--5023},
  year = {1988},
  month = {Apr},
  doi = {10.1103/PhysRevB.37.5015},
  url = {http://link.aps.org/doi/10.1103/PhysRevB.37.5015},
  publisher = {American Physical Society}
}
@article{Reference5,
  title = {Andreev scattering in anisotropic superconductors},
  author = {Bruder, Chr.},
  journal = {Phys. Rev. B},
  volume = {41},
  issue = {7},
  pages = {4017--4032},
  year = {1990},
  month = {Mar},
  doi = {10.1103/PhysRevB.41.4017},
  url = {http://link.aps.org/doi/10.1103/PhysRevB.41.4017},
  publisher = {American Physical Society}
}
@article{Reference6,
  title = {Transition from metallic to tunneling regimes in superconducting microconstrictions: Excess current, charge imbalance, and supercurrent conversion},
  author = {Blonder, G. E. and Tinkham, M. and Klapwijk, T. M.},
  journal = {Phys. Rev. B},
  volume = {25},
  issue = {7},
  pages = {4515--4532},
  year = {1982},
  month = {Apr},
  doi = {10.1103/PhysRevB.25.4515},
  url = {http://link.aps.org/doi/10.1103/PhysRevB.25.4515},
  publisher = {American Physical Society}
}
@article{Reference7,
  title = {Superconducting Proximity Effect Probed on a Mesoscopic Length Scale},
  author = {Gu\'eron, S. and Pothier, H. and Birge, Norman O. and Esteve, D. and Devoret, M. H.},
  journal = {Phys. Rev. Lett.},
  volume = {77},
  issue = {14},
  pages = {3025--3028},
  year = {1996},
  month = {Sep},
  doi = {10.1103/PhysRevLett.77.3025},
  url = {http://link.aps.org/doi/10.1103/PhysRevLett.77.3025},
  publisher = {American Physical Society}
}
@article{Reference8,
  title = {Observation of double-gap-edge Andreev reflection at Si/Nb interfaces by point-contact spectroscopy},
  author = {Heslinga, D. R. and Shafranjuk, S. E. and van Kempen, H. and Klapwijk, T. M.},
  journal = {Phys. Rev. B},
  volume = {49},
  issue = {15},
  pages = {10484--10494},
  year = {1994},
  month = {Apr},
  doi = {10.1103/PhysRevB.49.10484},
  url = {http://link.aps.org/doi/10.1103/PhysRevB.49.10484},
  publisher = {American Physical Society}
}
@article{Reference9,
  title = {Theory of Tunneling Spectroscopy of $\mathit{d}$-Wave Superconductors},
  author = {Tanaka, Yukio and Kashiwaya, Satoshi},
  journal = {Phys. Rev. Lett.},
  volume = {74},
  issue = {17},
  pages = {3451--3454},
  year = {1995},
  month = {Apr},
  doi = {10.1103/PhysRevLett.74.3451},
  url = {http://link.aps.org/doi/10.1103/PhysRevLett.74.3451},
  publisher = {American Physical Society}
}
@article{Reference10,
  title = {Tunneling Spectroscopy in Small Grains of Superconducting ${\mathrm{MgB}}_{2}$},
  author = {Rubio-Bollinger, G. and Suderow, H. and Vieira, S.},
  journal = {Phys. Rev. Lett.},
  volume = {86},
  issue = {24},
  pages = {5582--5584},
  year = {2001},
  month = {Jun},
  doi = {10.1103/PhysRevLett.86.5582},
  url = {http://link.aps.org/doi/10.1103/PhysRevLett.86.5582},
  publisher = {American Physical Society}
}
@article{Reference11,
  title = {Andreev scattering in anisotropic superconductors},
  author = {Bruder, Chr.},
  journal = {Phys. Rev. B},
  volume = {41},
  issue = {7},
  pages = {4017--4032},
  year = {1990},
  month = {Mar},
  doi = {10.1103/PhysRevB.41.4017},
  url = {http://link.aps.org/doi/10.1103/PhysRevB.41.4017},
  publisher = {American Physical Society}
}
@article{PhysRevLett.77.3025,
  title = {Superconducting Proximity Effect Probed on a Mesoscopic Length Scale},
  author = {Gu\'eron, S. and Pothier, H. and Birge, Norman O. and Esteve, D. and Devoret, M. H.},
  journal = {Phys. Rev. Lett.},
  volume = {77},
  issue = {14},
  pages = {3025--3028},
  year = {1996},
  month = {Sep},
  doi = {10.1103/PhysRevLett.77.3025},
  url = {http://link.aps.org/doi/10.1103/PhysRevLett.77.3025},
  publisher = {American Physical Society}
}
@article{PhysRevB.85.180509,
  title = {Theory of tunneling conductance and surface-state transition in superconducting topological insulators},
  author = {Yamakage, Ai and Yada, Keiji and Sato, Masatoshi and Tanaka, Yukio},
  journal = {Phys. Rev. B},
  volume = {85},
  issue = {18},
  pages = {180509},
  numpages = {5},
  year = {2012},
  month = {May},
  doi = {10.1103/PhysRevB.85.180509},
  url = {http://link.aps.org/doi/10.1103/PhysRevB.85.180509},
  publisher = {American Physical Society}
}
@article{PhysRevLett.74.3451,
  title = {Theory of Tunneling Spectroscopy of $\mathit{d}$-Wave Superconductors},
  author = {Tanaka, Yukio and Kashiwaya, Satoshi},
  journal = {Phys. Rev. Lett.},
  volume = {74},
  issue = {17},
  pages = {3451--3454},
  year = {1995},
  month = {Apr},
  doi = {10.1103/PhysRevLett.74.3451},
  url = {http://link.aps.org/doi/10.1103/PhysRevLett.74.3451},
  publisher = {American Physical Society}
}
@article{PhysRevB.78.092505,
  title = {Scanning tunneling spectroscopy of ${\text{SmFeAsO}}_{0.85}$: Possible evidence for $d$-wave order-parameter symmetry},
  author = {Millo, Oded and Asulin, Itay and Yuli, Ofer and Felner, Israel and Ren, Zhi-An and Shen, Xiao-Li and Che, Guang-Can and Zhao, Zhong-Xian},
  journal = {Phys. Rev. B},
  volume = {78},
  issue = {9},
  pages = {092505},
  numpages = {3},
  year = {2008},
  month = {Sep},
  doi = {10.1103/PhysRevB.78.092505},
  url = {http://link.aps.org/doi/10.1103/PhysRevB.78.092505},
  publisher = {American Physical Society}
}
@article{GA,
  title = {A genetic algorithm approach to curve fitting},
  author = {M.Gulsen, A.E Smith and D.M. Tale},
  journal = {INT. J. PROD. RES},
  volume = {33},
  issue = {7},
  pages = {1911-1923},
  numpages = {13},
  year = {1995},
  month = {July},
  doi = {10.1080/00207549508904789},
  url = {http://www.tandfonline.com/doi/abs/10.1080/00207549508904789},
  publisher = {}
}
@article{BSCCO,
  title = {A New High-$T_c$ Oxide Superconductor without a Rare Earth Element},
  author = {Hiroshi Maeda, Yoshiaki Tanaka, Masao Fukutomi and Toshihisa Asano},
  journal = {Jpn. J. Appl. Phys},
  volume = {27},
  issue = {},
  pages = {L209-L210},
  numpages = {2},
  year = {1988},
  month = {January},
  doi = {10.1143/JJAP.27.L209},
  url = {http://jjap.jsap.jp/link?JJAP/27/L209/},
  publisher = {The Japan Society of Applied Physics}
}
@article{Semiconductor,
  title = {A tunable topological insulator in the spin helical Dirac transport regime},
  author = {D. Hsieh,Y. Xia,D. Qian},
  journal = {Nature},
  volume = {460},
  issue = {},
  pages = {1101-1105},
  numpages = {5},
  year = {2009},
  month = {August},
  doi = {10.1038/nature08234},
  url = {http://www.nature.com/nature/journal/v460/n7259/pdf/nature08234.pdf},
  publisher = {nature}
}